<record><leader>00000cas a22000007a 4500</leader><controlfield tag="001">16704641</controlfield><controlfield tag="008">870917d18911907iaucr ne      0    0eng d</controlfield><datafield ind1=" " ind2=" " tag="010"><subfield code="a">sn 87058520 </subfield></datafield><datafield ind1=" " ind2=" " tag="040"><subfield code="a">INP</subfield><subfield code="b">eng</subfield><subfield code="c">INP</subfield><subfield code="d">OCLCQ</subfield></datafield><datafield ind1=" " ind2=" " tag="042"><subfield code="a">msc</subfield></datafield><datafield ind1="0" ind2=" " tag="130"><subfield code="a">Cherokee Democrat (Cherokee, Iowa : 1891)</subfield></datafield><datafield ind1="1" ind2="4" tag="245"><subfield code="a">The Cherokee Democrat.</subfield></datafield><datafield ind1="1" ind2="3" tag="246"><subfield code="a">Cherokean-Democrat</subfield></datafield><datafield ind1="1" ind2="3" tag="246"><subfield code="a">Cherokee Democrat semi-weekly</subfield></datafield><datafield ind1=" " ind2=" " tag="260"><subfield code="a">Cherokee, Iowa :</subfield><subfield code="b">Will P. Goldie,</subfield><subfield code="c">1891-1907.</subfield></datafield><datafield ind1=" " ind2=" " tag="300"><subfield code="a">16 v.</subfield></datafield><datafield ind1=" " ind2=" " tag="310"><subfield code="a">Semiweekly,</subfield><subfield code="b">Apr. 22, 1898-Mar. 18, 1907</subfield></datafield><datafield ind1=" " ind2=" " tag="321"><subfield code="a">Weekly,</subfield><subfield code="b">Dec. 30, 1891-Apr. 20, 1898</subfield></datafield><datafield ind1="0" ind2=" " tag="362"><subfield code="a">Vol. 7, no. 1 (Dec. 30, 1891)-v. 22, no. 22 (Mar. 18, 1907).</subfield></datafield><datafield ind1=" " ind2=" " tag="752"><subfield code="a">United States</subfield><subfield code="b">Iowa</subfield><subfield code="c">Cherokee</subfield><subfield code="d">Cherokee.</subfield></datafield><datafield ind1="0" ind2="0" tag="780"><subfield code="t">Weekly Cherokean-Democrat</subfield><subfield code="w">(DLC)sn 87058519</subfield></datafield><datafield ind1="0" ind2="0" tag="785"><subfield code="t">Semi-weekly Democrat (Cherokee, Iowa)</subfield><subfield code="w">(DLC)sn 87058521</subfield></datafield></record>